<?xml version="1.0" encoding="UTF-8"?><record xmlns="http://www.loc.gov/MARC21/slim" xmlns:cinclude="http://apache.org/cocoon/include/1.0" xmlns:zs="http://www.loc.gov/zing/srw/">
  <leader>00695nz  a2200169n  4500</leader>
  <controlfield tag="001">n 2012219789</controlfield>
  <controlfield tag="003">DLC</controlfield>
  <controlfield tag="005">20131007015245.0</controlfield>
  <controlfield tag="008">131007n| azannaabn          |n ana      </controlfield>
  <datafield tag="010" ind1=" " ind2=" ">
    <subfield code="a">n 2012219789</subfield>
  </datafield>
  <datafield tag="040" ind1=" " ind2=" ">
    <subfield code="a">DLC</subfield>
    <subfield code="b">eng</subfield>
    <subfield code="c">DLC</subfield>
    <subfield code="e">rda</subfield>
  </datafield>
  <datafield tag="046" ind1=" " ind2=" ">
    <subfield code="s">20070404</subfield>
    <subfield code="t">20070406</subfield>
  </datafield>
  <datafield tag="111" ind1="2" ind2=" ">
    <subfield code="a">Indo-Bhutan Workshop on Wildlife Conservation</subfield>
    <subfield code="d">(2007 :</subfield>
    <subfield code="c">Mādāri Hāt, India)</subfield>
  </datafield>
  <datafield tag="368" ind1=" " ind2=" ">
    <subfield code="a">Workshop</subfield>
  </datafield>
  <datafield tag="370" ind1=" " ind2=" ">
    <subfield code="f">Mādāri Hāt, India</subfield>
  </datafield>
  <datafield tag="377" ind1=" " ind2=" ">
    <subfield code="a">eng</subfield>
  </datafield>
  <datafield tag="670" ind1=" " ind2=" ">
    <subfield code="a">Proceedings of the Indo-Bhutan Workshop on Wildlife Conservation, Madarihat (Jaldapara WLS), West Bengal, India, 2007:</subfield>
    <subfield code="b">title page (Indo-Bhutan Workshop on Wildlife Conservation, Madarihat (Jaldapara WLS), West Bengal, India, 4th to 6th April 2007)</subfield>
  </datafield>
</record>